{
  "quoteResponse": {
    "result": [
      {
        "language": "en-US",
        "region": "US",
        "quoteType": "EQUITY",
        "quoteSourceName": "Nasdaq Real Time Price",
        "triggerable": true,
        "quoteSummary": {
          "earnings": {
            "maxAge": 86400,
            "earningsChart": {
              "quarterly": [
                {
                  "date": "2Q2020",
                  "actual": 0.18,
                  "estimate": 0.2
                },
                {
                  "date": "3Q2020",
                  "actual": 0.78,
                  "estimate": 0.68
                },
                {
                  "date": "4Q2020",
                  "actual": 0.67,
                  "estimate": 0.65
                },
                {
                  "date": "1Q2021",
                  "actual": 0.67,
                  "estimate": 0.6
                }
              ],
              "currentQuarterEstimate": 0.59,
              "currentQuarterEstimateDate": "2Q",
              "currentQuarterEstimateYear": 2021,
              "earningsDate": [
                1627430400
              ]
            },
            "financialsChart": {
              "yearly": [
                {
                  "date": 2017,
                  "revenue": 2242604000,
                  "earnings": 240795000
                },
                {
                  "date": 2018,
                  "revenue": 2191221000,
                  "earnings": -326701000
                },
                {
                  "date": 2019,
                  "revenue": 2494892000,
                  "earnings": 473166000
                },
                {
                  "date": 2020,
                  "revenue": 3138113000,
                  "earnings": 511607000
                }
              ],
              "quarterly": [
                {
                  "date": "2Q2020",
                  "revenue": 557175000,
                  "earnings": 105301000
                },
                {
                  "date": "3Q2020",
                  "revenue": 980612000,
                  "earnings": 222654000
                },
                {
                  "date": "4Q2020",
                  "revenue": 928448000,
                  "earnings": 205217000
                },
                {
                  "date": "1Q2021",
                  "revenue": 934392000,
                  "earnings": 136148000
                }
              ]
            },
            "financialCurrency": "USD"
          }
        },
        "components": [
          "^NQDMXJPLMAUD",
          "^NQNA1000LMEURN",
          "^NQNA1700LMAUDN",
          "^NQDMXUSXKRLC",
          "^NQDMXUSXKRLM",
          "^NQDM1000LMCADN",
          "^NQXAUGLDN",
          "^NQDMXUSLMJPY",
          "^NQG1700LMN",
          "^NQCA1000LMJPY",
          "^NQG1700LMJPY",
          "^NQNALMEURN",
          "^NQG1000LMGBP",
          "^NQNA1700LMN",
          "^NQDMXKRJPYN",
          "^NQDMXKRLMAUDN",
          "^NQDM1000LMJPY",
          "^NQG1000LMGBPN",
          "^NQNA1000LMJPYN",
          "^NQDMXJPLMAUDN",
          "^NQDMXKRLMAUD",
          "^NQNA1700LMAUD",
          "^NQDMXUSXKRLMCADN",
          "^NQGXGBLMN",
          "^QGLD",
          "^NQDMXUSXKRLCAUD",
          "^NQDMXUSXKRLMGBP",
          "^NQDMXKRLCJPY",
          "^NQG1700LMCAD",
          "^NQDMXUSLMCAD",
          "^NQDMXUSLMEUR",
          "^NQDMXUSXKRGBP",
          "^NQGXUSLM",
          "^NQG1700LMEUR",
          "^NQCALMAUDN",
          "^NQDMXUSXKRLMN",
          "^NQDMXUSLMCADN",
          "^NQDMXKRAUD",
          "^NQDMXUSXKRLMAUDN",
          "^NQDMXKRLMGBPN",
          "^NQDMXUSXKRLCGBPN",
          "^NQGXGBLMGBPN",
          "^NQDMXUSXKRGBPN",
          "^NQNA1700LMCADN",
          "^NQNA1000LM",
          "^NQDMXUS1000EURN",
          "^NQDMXUSXKR",
          "^NQGXJPLMJPYN",
          "^NQNALMCADN",
          "^NQCA1000LMEUR",
          "^NQNALMJPY",
          "^NQG1700LMEURN",
          "^NQDM1700LMGBP",
          "^NQCA1000LMCAD",
          "^NQDM1700LMGBPN",
          "^NQNA1000LMCAD",
          "^NQGXGBLMJPY",
          "^NQDMXUS1000JPYN",
          "^NQDMXUSXKRLCGBP",
          "^NQNA1000LMEUR",
          "^NQCA1000LMEURN",
          "^NQG1000LMAUDN",
          "^NQGXJPLMJPY",
          "^NQNA1700LM",
          "^NQDMXKR",
          "^NQDMXGBLMCADN",
          "^NQNA1000LMN",
          "^NQG1700LMJPYN",
          "^NQCA1000LMN",
          "^NQGXUSLMGBPN",
          "^NQDMXKRLCN",
          "^NQGXGBLMEURN",
          "^NQGXJPLMCAD",
          "^NQDMXUSLMGBPN",
          "^NQNA1000LMCADN",
          "^NQGXJPLMEUR",
          "^NQDMXJPLMGBPN",
          "^NQDM1700LMAUDN",
          "^NQDMXJPLMN",
          "^NQDMXUS1000GBP",
          "^NQDMXUSXKRLMEURN",
          "^NQDM1000LMJPYN",
          "^NQDMXKRLCJPYN",
          "^NQDMXKRLMCADN",
          "^NQDMXUSXKREURN",
          "^NQDMXKRLCEUR",
          "^NQGXGBLMJPYN",
          "^NQDMXKRJPY",
          "^NQDMXUSXKRJPYN",
          "^NQDMXKRLCCAD",
          "^NQDM1000LMEURN",
          "^NQDMXKRLCEURN",
          "^NQCA1000LMAUDN",
          "^NQDMXUSXKRLMJPYN",
          "^NQGXJPLMGBPN",
          "^NQNALM",
          "^NQGXUSLMGBP",
          "^NQDMXGBLMJPY",
          "^NQNALMAUD",
          "^NQCALMEUR",
          "^NQCALMCAD",
          "^NQGXGBLMAUD",
          "^NQCALM",
          "^NQDM1700LMEUR",
          "^NQDMXJPLMGBP",
          "^NQNA1000LMGBP",
          "^NQDM1700LMCAD",
          "^NQNA1700LMEUR",
          "^NQCALMJPY",
          "^NQDMXUS1000AUD",
          "^NQDMXKRLMEUR",
          "^NQNA1700LMCAD",
          "^NQNALMAUDN",
          "^NQNA1700LMEURN",
          "^NQG1000LMAUD",
          "^NQDMXKRLMCAD",
          "^NQDMXGBLM",
          "^NQGXUSLMAUDN",
          "^NQDM1000LM",
          "^NQG1700LMCADN",
          "^NQDM1000LMAUD",
          "^NQDMXUSLMAUDN",
          "^NQDMXGBLMJPYN",
          "^NQCALMGBPN",
          "^NQDMXUSXKRLMCAD",
          "^NQNA1000LMAUDN",
          "^NQDMXUSXKRLMEUR",
          "^NQDMXKRLMJPY",
          "^NQDMXUSXKRAUD",
          "^NQDMXGBLMCAD",
          "^NQCA1000LMCADN",
          "^NQDMXGBLMEURN",
          "^NQDMXKRGBPN",
          "^NQDMXGBLMEUR",
          "^NQNA1700LMJPY",
          "^NQDMXUSXKRLMJPY",
          "^NQG1000LMEURN",
          "^NQDMXKRAUDN",
          "^NQDMXKRLMJPYN",
          "^NQDMXGBLMN",
          "^NQDMXUSXKRLCEURN",
          "^NQNALMGBPN",
          "^NQGXGBLMCADN",
          "^NQG1700LMGBP",
          "^NQGXUSLMAUD",
          "^NQDMXKRLCCADN",
          "^NQDMXUSXKRCADN",
          "^NQCALMN",
          "^NQGXJPLMCADN",
          "^NQDMXUSLMGBP",
          "^NQG1000LMJPYN",
          "^NQNA1700LMJPYN",
          "^NQG1700LMAUDN",
          "^NQCA1000LMGBP",
          "^NQG1000LMJPY",
          "^NQCALMEURN",
          "^NQDMXUSXKRLCEUR",
          "^NQGXJPLM",
          "^NQCA1000LM",
          "^NQDMXUSXKRLCCAD",
          "^NQDMXUSXKRLCJPYN",
          "^NQG1000LM",
          "^NQGXUSLMCADN",
          "^NQDM1000LMGBP",
          "^NQCALMJPYN",
          "^NQNALMN",
          "^NQG1000LMCAD",
          "^NQDMXUS1000GBPN",
          "^NQDM1700LMCADN",
          "^NQNA1000LMAUD",
          "^XAU",
          "^NQGXJPLMAUDN",
          "^NQCA1000LMGBPN",
          "^NQDMXUSXKRJPY",
          "^NQDM1000LMGBPN",
          "^NQG1700LM",
          "^XAG",
          "^NQDMXKRLCGBP",
          "^NQDMXKRLM",
          "^NQDMXKRLC",
          "^NQNALMGBP",
          "^NQDMXJPLMJPYN",
          "^NQGXGBLM",
          "^NQCA1000LMAUD",
          "^NQG1700LMAUD",
          "^NQDMXUSLMAUD",
          "^NQDMXKRN",
          "^NQDMXJPLMEURN",
          "^NQDM1700LMJPY",
          "^NQDMXJPLM",
          "^NQNA1000LMGBPN",
          "^NQDMXKREUR",
          "^NQDMXUSXKRLCJPY",
          "^NQGXJPLMGBP",
          "^NQDMXKRLMEURN",
          "^NQGXGBLMGBP",
          "^NQDMXKRCAD",
          "^NQDMXUS1000N",
          "^NQCA1000LMJPYN",
          "^NQCALMAUD",
          "^NQNA1000LMJPY",
          "^NQG1000LMN",
          "^NQDMXKRLCAUD",
          "^NQNALMCAD",
          "^NQDMXUSXKREUR",
          "^NQDMXUS1000JPY",
          "^NQDMXUSXKRLCCADN",
          "^NQGXJPLMEURN",
          "^NQDM1700LMAUD",
          "^NQGXUSLMN",
          "^NQGXJPLMN",
          "^NQCALMCADN",
          "^NQNALMEUR",
          "^NQDMXUS1000AUDN",
          "^NQDMXUSXKRCAD",
          "^NQG1000LMCADN",
          "^NQGXGBLMEUR",
          "^NQDMXKRGBP",
          "^NQDM1700LMJPYN",
          "^NQDMXGBLMGBPN",
          "^NQGXUSLMEURN",
          "^NQNA1700LMGBPN",
          "^NQDMXUSXKRLCN",
          "^NQDMXKRCADN",
          "^NQGXGBLMCAD",
          "^NQGXUSLMJPY",
          "^NQDM1000LMAUDN",
          "^NQDMXGBLMGBP",
          "^NQDMXKRLCAUDN",
          "^NQXAUGLD",
          "^NQDMXUSLMN",
          "^NQG1700LMGBPN",
          "^NQDM1700LMEURN",
          "^NQDMXKRLMN",
          "^NQGXUSLMJPYN",
          "^NQGXJPLMAUD",
          "^NQDMXGBLMAUDN",
          "^NQDMXJPLMJPY",
          "^NQDMXUSXKRLMAUD",
          "^NQDMXUSXKRN",
          "^NQDMXKRLCGBPN",
          "^NQCALMGBP",
          "^NQDM1000LMN",
          "^NQG1000LMEUR",
          "^NQDMXUS1000",
          "^NQDMXUSLMJPYN",
          "^NQDMXKREURN",
          "^NQDMXUSLM",
          "^NQNALMJPYN",
          "^NQDMXUS1000EUR",
          "^NQDMXJPLMCADN",
          "^NQDMXUS1000CAD",
          "^NQDMXUSLMEURN",
          "^NQDM1700LM",
          "^NQDMXUSXKRLMGBPN",
          "^NQDMXGBLMAUD",
          "^NQDMXUS1000CADN",
          "^NQDM1700LMN",
          "^NQDMXJPLMCAD",
          "^NQDMXJPLMEUR",
          "^NQDMXKRLMGBP",
          "^NQDMXUSXKRLCAUDN",
          "^NQGXGBLMAUDN",
          "^NQXAUGLDAUDN",
          "^NQDM1000LMEUR",
          "^NQGXUSLMCAD",
          "^NQDM1000LMCAD",
          "^NQNA1700LMGBP",
          "^NQXAUGLDAUD",
          "^NQGXUSLMEUR",
          "^NQDMXUSXKRAUDN"
        ],
        "esgPopulated": false,
        "tradeable": false,
        "firstTradeDateMilliseconds": 99153000000,
        "priceHint": 2,
        "totalCash": 131952000,
        "floatShares": 242449115,
        "ebitda": 1783500032,
        "shortRatio": 1.09,
        "targetPriceHigh": 97,
        "targetPriceLow": 55.55,
        "targetPriceMean": 78.75,
        "targetPriceMedian": 80,
        "heldPercentInsiders": 0.097,
        "heldPercentInstitutions": 73.511,
        "postMarketChangePercent": -0.750627,
        "postMarketTime": 1627076614,
        "postMarketPrice": 59.5,
        "postMarketChange": -0.450001,
        "regularMarketChange": -0.4300003,
        "regularMarketChangePercent": -0.71215683,
        "regularMarketTime": 1627070401,
        "regularMarketPrice": 59.95,
        "regularMarketDayHigh": 60.36,
        "regularMarketDayRange": "59.36 - 60.36",
        "regularMarketDayLow": 59.36,
        "regularMarketVolume": 905433,
        "sharesShort": 1275161,
        "sharesShortPrevMonth": 3715420,
        "shortPercentFloat": 0.57,
        "regularMarketPreviousClose": 60.38,
        "bid": 59.5,
        "ask": 61,
        "bidSize": 18,
        "askSize": 9,
        "exchange": "NYQ",
        "market": "us_market",
        "messageBoardId": "finmb_248095",
        "fullExchangeName": "NYSE",
        "shortName": "Agnico Eagle Mines Limited",
        "longName": "Agnico Eagle Mines Limited",
        "regularMarketOpen": 60.09,
        "averageDailyVolume3Month": 1259596,
        "averageDailyVolume10Day": 995728,
        "beta": 0.770402,
        "fiftyTwoWeekLowChange": 5.290001,
        "fiftyTwoWeekLowChangePercent": 0.096780114,
        "fiftyTwoWeekRange": "54.66 - 89.23",
        "fiftyTwoWeekHighChange": -29.280003,
        "fiftyTwoWeekHighChangePercent": -0.32814077,
        "fiftyTwoWeekLow": 54.66,
        "fiftyTwoWeekHigh": 89.23,
        "dividendDate": 1623715200,
        "exDividendDate": 1622160000,
        "earningsTimestamp": 1627502400,
        "earningsTimestampStart": 1627502400,
        "earningsTimestampEnd": 1627502400,
        "trailingAnnualDividendRate": 1.1,
        "trailingPE": 21.879562,
        "pegRatio": 0.58,
        "dividendsPerShare": 1.1,
        "dividendRate": 1.4,
        "trailingAnnualDividendYield": 0.018217953,
        "dividendYield": 2.34,
        "revenue": 3400626940,
        "priceToSales": 4.286411,
        "marketState": "CLOSED",
        "epsTrailingTwelveMonths": 2.74,
        "epsForward": 3.11,
        "epsCurrentYear": 2.77,
        "epsNextQuarter": 0.76,
        "priceEpsCurrentYear": 21.6426,
        "priceEpsNextQuarter": 78.881584,
        "sharesOutstanding": 243040000,
        "bookValue": 23.409,
        "fiftyDayAverage": 63.747646,
        "fiftyDayAverageChange": -3.7976456,
        "fiftyDayAverageChangePercent": -0.05957311,
        "twoHundredDayAverage": 65.06942,
        "twoHundredDayAverageChange": -5.119419,
        "twoHundredDayAverageChangePercent": -0.07867627,
        "marketCap": 14576483328,
        "gmtOffSetMilliseconds": -14400000,
        "currency": "USD",
        "forwardPE": 19.276527,
        "priceToBook": 2.5609808,
        "sourceInterval": 15,
        "exchangeDataDelayedBy": 0,
        "exchangeTimezoneName": "America/New_York",
        "exchangeTimezoneShortName": "EDT",
        "pageViews": {
          "midTermTrend": "UP",
          "longTermTrend": "UP",
          "shortTermTrend": "DOWN"
        },
        "symbol": "AEM"
      },
      {
        "language": "en-US",
        "region": "US",
        "quoteType": "EQUITY",
        "quoteSourceName": "Delayed Quote",
        "triggerable": true,
        "quoteSummary": {
          "earnings": {
            "maxAge": 86400,
            "earningsChart": {
              "quarterly": [
                {
                  "date": "1Q2017",
                  "actual": -0.03,
                  "estimate": 0
                },
                {
                  "date": "2Q2017",
                  "actual": 0,
                  "estimate": 0.01
                },
                {
                  "date": "3Q2017",
                  "actual": 0.03,
                  "estimate": 0.03
                },
                {
                  "date": "4Q2017",
                  "actual": 0.06,
                  "estimate": 0.03
                }
              ],
              "currentQuarterEstimate": 0.02,
              "currentQuarterEstimateDate": "1Q",
              "currentQuarterEstimateYear": 2018,
              "earningsDate": [
                1627516800
              ]
            },
            "financialsChart": {
              "yearly": [
                {
                  "date": 2017,
                  "revenue": 1803800000,
                  "earnings": -188500000
                },
                {
                  "date": 2018,
                  "revenue": 1798500000,
                  "earnings": -284600000
                },
                {
                  "date": 2019,
                  "revenue": 1612200000,
                  "earnings": 225600000
                },
                {
                  "date": 2020,
                  "revenue": 1561000000,
                  "earnings": 203600000
                }
              ],
              "quarterly": [
                {
                  "date": "2Q2020",
                  "revenue": 303400000,
                  "earnings": 0
                },
                {
                  "date": "3Q2020",
                  "revenue": 439400000,
                  "earnings": 55600000
                },
                {
                  "date": "4Q2020",
                  "revenue": 461700000,
                  "earnings": 102800000
                },
                {
                  "date": "1Q2021",
                  "revenue": 422000000,
                  "earnings": 54700000
                }
              ]
            },
            "financialCurrency": "USD"
          }
        },
        "components": [
          "^XAG",
          "^XAU"
        ],
        "esgPopulated": false,
        "tradeable": false,
        "firstTradeDateMilliseconds": 993216600000,
        "priceHint": 4,
        "totalCash": 698400000,
        "floatShares": 961184908,
        "ebitda": 845500032,
        "shortRatio": 0.87,
        "targetPriceHigh": 4.92,
        "targetPriceLow": 2.8,
        "targetPriceMean": 3.92,
        "targetPriceMedian": 3.9,
        "heldPercentInsiders": 0.36,
        "heldPercentInstitutions": 52.284,
        "postMarketChangePercent": 0.24631105,
        "postMarketTime": 1627084769,
        "postMarketPrice": 4.07,
        "postMarketChange": 0.010000229,
        "regularMarketChange": -0.03000021,
        "regularMarketChangePercent": -0.73350143,
        "regularMarketTime": 1627070401,
        "regularMarketPrice": 4.06,
        "regularMarketDayHigh": 4.09,
        "regularMarketDayRange": "4.01 - 4.09",
        "regularMarketDayLow": 4.01,
        "regularMarketVolume": 11766586,
        "sharesShort": 9461874,
        "sharesShortPrevMonth": 7945013,
        "regularMarketPreviousClose": 4.09,
        "bid": 4.06,
        "ask": 4.07,
        "bidSize": 400,
        "askSize": 388,
        "exchange": "NYQ",
        "market": "us_market",
        "messageBoardId": "finmb_1051325",
        "fullExchangeName": "NYSE",
        "shortName": "Yamana Gold Inc.",
        "longName": "Yamana Gold Inc.",
        "regularMarketOpen": 4.06,
        "averageDailyVolume3Month": 11639566,
        "averageDailyVolume10Day": 16964014,
        "beta": 1.464825,
        "fiftyTwoWeekLowChange": 0.06999993,
        "fiftyTwoWeekLowChangePercent": 0.017543843,
        "fiftyTwoWeekRange": "3.99 - 7.02",
        "fiftyTwoWeekHighChange": -2.96,
        "fiftyTwoWeekHighChangePercent": -0.42165244,
        "fiftyTwoWeekLow": 3.99,
        "fiftyTwoWeekHigh": 7.02,
        "dividendDate": 1626220800,
        "exDividendDate": 1624924800,
        "earningsTimestamp": 1627588800,
        "earningsTimestampStart": 1627588800,
        "earningsTimestampEnd": 1627588800,
        "trailingAnnualDividendRate": 0.086,
        "trailingPE": 18.454546,
        "pegRatio": 0.62,
        "dividendsPerShare": 0.09,
        "dividendRate": 0.1,
        "trailingAnnualDividendYield": 0.021026894,
        "dividendYield": 2.59,
        "revenue": 1626499970,
        "priceToSales": 2.4189336,
        "marketState": "CLOSED",
        "epsTrailingTwelveMonths": 0.22,
        "epsForward": 0.19,
        "epsCurrentYear": 0.12,
        "epsNextQuarter": 0.04,
        "priceEpsCurrentYear": 33.833332,
        "priceEpsNextQuarter": 101.5,
        "sharesOutstanding": 965548032,
        "bookValue": 4.585,
        "fiftyDayAverage": 4.445588,
        "fiftyDayAverageChange": -0.38558817,
        "fiftyDayAverageChangePercent": -0.08673502,
        "twoHundredDayAverage": 4.7192755,
        "twoHundredDayAverageChange": -0.65927553,
        "twoHundredDayAverageChangePercent": -0.13969846,
        "marketCap": 3934395648,
        "gmtOffSetMilliseconds": -14400000,
        "currency": "USD",
        "forwardPE": 21.368422,
        "priceToBook": 0.88549614,
        "sourceInterval": 15,
        "exchangeDataDelayedBy": 0,
        "exchangeTimezoneName": "America/New_York",
        "exchangeTimezoneShortName": "EDT",
        "pageViews": {
          "midTermTrend": "UP",
          "longTermTrend": "UP",
          "shortTermTrend": "DOWN"
        },
        "symbol": "AUY"
      },
      {
        "language": "en-US",
        "region": "US",
        "quoteType": "EQUITY",
        "quoteSourceName": "Delayed Quote",
        "triggerable": true,
        "quoteSummary": {
          "earnings": {
            "maxAge": 86400,
            "earningsChart": {
              "quarterly": [
                {
                  "date": "2Q2020",
                  "actual": 0.32,
                  "estimate": 0.31
                },
                {
                  "date": "3Q2020",
                  "actual": 0.87,
                  "estimate": 0.85
                },
                {
                  "date": "4Q2020",
                  "actual": 1.06,
                  "estimate": 0.95
                },
                {
                  "date": "1Q2021",
                  "actual": 0.74,
                  "estimate": 0.77
                }
              ],
              "currentQuarterEstimate": 0.76,
              "currentQuarterEstimateDate": "2Q",
              "currentQuarterEstimateYear": 2021,
              "earningsDate": [
                1626912000
              ]
            },
            "financialsChart": {
              "yearly": [
                {
                  "date": 2017,
                  "revenue": 7379000000,
                  "earnings": -114000000
                },
                {
                  "date": 2018,
                  "revenue": 7253000000,
                  "earnings": 341000000
                },
                {
                  "date": 2019,
                  "revenue": 9740000000,
                  "earnings": 2805000000
                },
                {
                  "date": 2020,
                  "revenue": 11497000000,
                  "earnings": 2829000000
                }
              ],
              "quarterly": [
                {
                  "date": "3Q2020",
                  "revenue": 3170000000,
                  "earnings": 839000000
                },
                {
                  "date": "4Q2020",
                  "revenue": 3381000000,
                  "earnings": 824000000
                },
                {
                  "date": "1Q2021",
                  "revenue": 2872000000,
                  "earnings": 559000000
                },
                {
                  "date": "2Q2021",
                  "revenue": 3065000000,
                  "earnings": 650000000
                }
              ]
            },
            "financialCurrency": "USD"
          }
        },
        "components": [
          "^NQDMXJPLMAUD",
          "^NQNA1000LMEURN",
          "^NQNA1700LMAUDN",
          "^NQUSBLM",
          "^NQUSB1770LMJPY",
          "^NQUSB1770LMCADN",
          "^NQUSB1000LMCADN",
          "^NQDMXUSSCAUDN",
          "^NQDM1000LMCADN",
          "^NQXAUGLDN",
          "^NQG1700LMN",
          "^NQG1700LMJPY",
          "^NQNALMEURN",
          "^NQG1000LMGBP",
          "^NQUSBLMCAD",
          "^NQNA1700LMN",
          "^NQDMXKRJPYN",
          "^NQDMXKRSCJPY",
          "^NQDMXKRLMAUDN",
          "^NQDMXNASCAUD",
          "^NQDMXKRSCGBPN",
          "^NQDM1000LMJPY",
          "^NQDMXNAXKRSC",
          "^NQG1000LMGBPN",
          "^NQDMXNASCEURN",
          "^NQNA1000LMJPYN",
          "^NQDMXJPLMAUDN",
          "^NQDMXKRLMAUD",
          "^NQUSBLMJPY",
          "^NQNA1700LMAUD",
          "^NQDMXKRSC",
          "^NQDMXNAXKRCADN",
          "^NQGXGBLMN",
          "^NQUS500LCVN",
          "^QGLD",
          "^NQDMXNASCJPYN",
          "^NQDMXKRLCJPY",
          "^NQG1700LMCAD",
          "^NQDXUSLCEUR",
          "^NQUSB1000LMN",
          "^NQUSB1770LMEUR",
          "^NQDMXUSXKRGBP",
          "^NQDMXUSSCCADN",
          "^NQG1700LMEUR",
          "^NQUSB1700LMAUD",
          "^NQDMXUSXKRSCAUDN",
          "^NQDMXKRAUD",
          "^NQDMXKRLMGBPN",
          "^NQDXUSMLTCVN",
          "^NQGXGBLMGBPN",
          "^NQDMXUSXKRGBPN",
          "^NQNA1700LMCADN",
          "^NQNA1000LM",
          "^NQUSB1770LMAUDN",
          "^NQDMXUSXKR",
          "^NQGXJPLMJPYN",
          "^NQNALMCADN",
          "^NQUSBLMEUR",
          "^NQGXUSSCN",
          "^NQDMXNAXKRAUDN",
          "^NQNALMJPY",
          "^NQG1700LMEURN",
          "^NQDM1700LMGBP",
          "^NQDM1700LMGBPN",
          "^NQDMXNAXKRSCAUDN",
          "^NQNA1000LMCAD",
          "^NQDMXNAXKRSCN",
          "^NQGXGBLMJPY",
          "^NQDMXUS9000EURN",
          "^NQDMXNAXKRSCCAD",
          "^NQNA1000LMEUR",
          "^NQUSB1770LMCAD",
          "^NQG1000LMAUDN",
          "^NQGXJPLMJPY",
          "^NQNA1700LM",
          "^NQUSB1700LMGBPN",
          "^NQDMXKR",
          "^NQDMXGBLMCADN",
          "^NQNA1000LMN",
          "^NQG1700LMJPYN",
          "^NQDMXNAXKRSCEUR",
          "^NQDMXKRLCN",
          "^NQGXGBLMEURN",
          "^NQDMXUSSC",
          "^NQGXJPLMCAD",
          "^NQUSB1700LMJPY",
          "^NQNA1000LMCADN",
          "^NQGXJPLMEUR",
          "^NQDMXNAXKRJPYN",
          "^NQDMXJPLMGBPN",
          "^NQDM1700LMAUDN",
          "^NQDMXJPLMN",
          "^NQDMXUSXKRSCGBPN",
          "^NQDMXUSXKRSCGBP",
          "^NQDM1000LMJPYN",
          "^NQDMXKRLCJPYN",
          "^NQDMXKRLMCADN",
          "^NQDMXUSXKREURN",
          "^NQUSB1700LMAUDN",
          "^NQDMXKRLCEUR",
          "^NQUSB1000LMJPY",
          "^NQDXUSLC",
          "^NQUSB1000LMEURN",
          "^NQGXGBLMJPYN",
          "^NQDMXNASCJPY",
          "^NQUSBLMEURN",
          "^NQDMXNAXKR",
          "^NQDMXKRJPY",
          "^NQDMXUSXKRJPYN",
          "^NQDMXKRLCCAD",
          "^NQDM1000LMEURN",
          "^NQDMXKRLCEURN",
          "^NQUSB1000LMCAD",
          "^NQDMXUSSCN",
          "^NQDMXUS9000JPY",
          "^NQUSB1000LMJPYN",
          "^NQGXJPLMGBPN",
          "^NQDMXNAXKRGBP",
          "^NQNALM",
          "^NQUS500LC",
          "^NQDMXNASCCADN",
          "^NQGXUSSCCAD",
          "^NQDMXGBLMJPY",
          "^NQUSMLTCV",
          "^NQDMXNAXKRSCGBP",
          "^NQGXUSSCEUR",
          "^NQNALMAUD",
          "^NQDXUSLCN",
          "^NQDMXNAXKREURN",
          "^NQGXGBLMAUD",
          "^NQDM1700LMEUR",
          "^NQDXUSLCV",
          "^NQUSBLMN",
          "^NQDMXJPLMGBP",
          "^NQNA1000LMGBP",
          "^NQDM1700LMCAD",
          "^NQUSB1770LMGBPN",
          "^NQNA1700LMEUR",
          "^NQDMXUSSCEURN",
          "^NQDMXKRLMEUR",
          "^NQGXUSSCJPYN",
          "^NQUSB1770LMN",
          "^NQDMXUS9000",
          "^NQDMXKRSCN",
          "^NQDMXNASCEUR",
          "^NQNA1700LMCAD",
          "^NQNALMAUDN",
          "^NQDMXNASCCAD",
          "^NQDMXUS9000CAD",
          "^NQDMXUSXKRSCAUD",
          "^NQDMXNAXKRSCCADN",
          "^NQDMXNASCN",
          "^NQNA1700LMEURN",
          "^NQG1000LMAUD",
          "^NQUSB1770LM",
          "^NQDMXKRLMCAD",
          "^NQDMXGBLM",
          "^NQUSB1000LMEUR",
          "^NQDMXKRSCAUD",
          "^NQDMXNAXKRAUD",
          "^NQDM1000LM",
          "^NQDMXUSSCGBP",
          "^NQG1700LMCADN",
          "^NQDM1000LMAUD",
          "^NQDMXGBLMJPYN",
          "^NQDMXUS9000EUR",
          "^NQNA1000LMAUDN",
          "^NQDMXUS9000N",
          "^NQDMXKRLMJPY",
          "^NQUSBLMJPYN",
          "^NQDMXUSXKRAUD",
          "^NQGXUSSCEURN",
          "^NQDMXGBLMCAD",
          "^NQUSLG",
          "^NQDMXGBLMEURN",
          "^NQDMXKRGBPN",
          "^NQDMXGBLMEUR",
          "^NQNA1700LMJPY",
          "^NQG1000LMEURN",
          "^NQDMXKRAUDN",
          "^NQDMXKRLMJPYN",
          "^NQUSB1770LMGBP",
          "^NQUSBLMCADN",
          "^NQDMXGBLMN",
          "^NQDMXKRSCEURN",
          "^NQNALMGBPN",
          "^NQGXGBLMCADN",
          "^NQG1700LMGBP",
          "^NQDMXKRLCCADN",
          "^NQDMXUSXKRCADN",
          "^NQGXJPLMCADN",
          "^NQG1000LMJPYN",
          "^NQNA1700LMJPYN",
          "^NQDMXKRSCJPYN",
          "^NQG1700LMAUDN",
          "^NQG1000LMJPY",
          "^NQGXJPLM",
          "^NQDMXUSXKRSC",
          "^NQG1000LM",
          "^NQGXUSSCAUDN",
          "^NQDMXUSSCAUD",
          "^NQDM1000LMGBP",
          "^NQUSB1700LMCADN",
          "^NQUSBLMGBP",
          "^NQNALMN",
          "^NQG1000LMCAD",
          "^NQUSLGN",
          "^NQDMXKRSCGBP",
          "^NQDMXUSSCJPYN",
          "^NQDM1700LMCADN",
          "^NQDMXNASCAUDN",
          "^NQNA1000LMAUD",
          "^XAU",
          "^NQDMXUS9000GBPN",
          "^NQGXJPLMAUDN",
          "^NQDMXUSXKRJPY",
          "^NQDM1000LMGBPN",
          "^NQG1700LM",
          "^NQDMXUSXKRSCJPYN",
          "^XAG",
          "^NQDMXKRLCGBP",
          "^NQDMXKRLM",
          "^NQDMXNAXKRSCJPYN",
          "^NQUSB1700LMEUR",
          "^NQDMXKRLC",
          "^NQNALMGBP",
          "^NQDMXJPLMJPYN",
          "^NQUSB1700LMCAD",
          "^NQGXGBLM",
          "^NQG1700LMAUD",
          "^NQUSB1770LMAUD",
          "^NQDMXKRN",
          "^NQDMXNAXKRSCEURN",
          "^NQUSB1000LMGBPN",
          "^NQUSMLTCVN",
          "^NQDMXUSXKRSCN",
          "^NQDMXJPLMEURN",
          "^NQDMXNASC",
          "^NQDMXNAXKRSCAUD",
          "^NQDM1700LMJPY",
          "^NQDMXJPLM",
          "^NQNA1000LMGBPN",
          "^NQDMXKREUR",
          "^NQGXJPLMGBP",
          "^NQGXUSSCCADN",
          "^NQDMXKRLMEURN",
          "^NQUSBLMAUD",
          "^NQGXGBLMGBP",
          "^NQDMXKRCAD",
          "^NQDXUSMLTCV",
          "^NQUSB1770LMJPYN",
          "^NQUSB1700LM",
          "^NQDXUSLCEURN",
          "^NQGXUSSC",
          "^NQDMXUS9000JPYN",
          "^NQDMXUSXKRSCEURN",
          "^NQUSB1700LMGBP",
          "^NQDMXNAXKRSCGBPN",
          "^NQNA1000LMJPY",
          "^NQG1000LMN",
          "^NQDMXKRLCAUD",
          "^NQGXUSSCGBPN",
          "^NQNALMCAD",
          "^NQDMXUSXKREUR",
          "^NQDMXUSXKRSCJPY",
          "^NQUSB1770LMEURN",
          "^NQGXJPLMEURN",
          "^NQUSB1000LMGBP",
          "^HUI",
          "^NQDXUSLCGBP",
          "^NQDM1700LMAUD",
          "^NQUSB1000LM",
          "^NQGXJPLMN",
          "^NQNALMEUR",
          "^NQDMXKRSCCADN",
          "^NQDMXUSXKRCAD",
          "^NQDMXUS9000AUDN",
          "^NQG1000LMCADN",
          "^NQDMXNASCGBP",
          "^NQDMXUS9000GBP",
          "^NQGXGBLMEUR",
          "^NQDMXKRGBP",
          "^NQDM1700LMJPYN",
          "^NQDMXNAXKRJPY",
          "^NQDMXGBLMGBPN",
          "^NQNA1700LMGBPN",
          "^NQUSB1700LMEURN",
          "^NQDMXKRCADN",
          "^NQGXGBLMCAD",
          "^NQDM1000LMAUDN",
          "^NQDMXGBLMGBP",
          "^NQDMXKRLCAUDN",
          "^NQDMXNAXKRSCJPY",
          "^NQDXUSLCGBPN",
          "^NQXAUGLD",
          "^NQG1700LMGBPN",
          "^NQUSBLMGBPN",
          "^NQUSB1000LMAUDN",
          "^NQUSB1700LMJPYN",
          "^NQDM1700LMEURN",
          "^NQDMXKRLMN",
          "^NQGXJPLMAUD",
          "^NQDMXUSXKRSCCAD",
          "^NQDMXGBLMAUDN",
          "^NQDMXJPLMJPY",
          "^NQDMXUSXKRN",
          "^NQDMXKRLCGBPN",
          "^NQDMXUSXKRSCEUR",
          "^NQDM1000LMN",
          "^NQDMXKRSCCAD",
          "^NQDMXNAXKRGBPN",
          "^NQG1000LMEUR",
          "^NQUSB1000LMAUD",
          "^NQDMXKREURN",
          "^NQNALMJPYN",
          "^NQDMXNAXKREUR",
          "^NQDMXUSSCCAD",
          "^NQDMXNAXKRCAD",
          "^NQDMXJPLMCADN",
          "^NQDMXNAXKRN",
          "^NQDMXUSSCEUR",
          "^NQDM1700LM",
          "^NQDMXGBLMAUD",
          "^NQDMXUSXKRSCCADN",
          "^NQUSB1700LMN",
          "^NQUSBLMAUDN",
          "^NQDM1700LMN",
          "^NQDMXUSSCJPY",
          "^NQDMXJPLMCAD",
          "^NQDMXJPLMEUR",
          "^NQDMXKRLMGBP",
          "^NQDXUSLCVN",
          "^NQGXGBLMAUDN",
          "^NQDMXKRSCAUDN",
          "^NQDMXUS9000CADN",
          "^NQXAUGLDAUDN",
          "^NQDMXKRSCEUR",
          "^NQUS500LCN",
          "^NQDM1000LMEUR",
          "^NQDMXNASCGBPN",
          "^NQDM1000LMCAD",
          "^NQNA1700LMGBP",
          "^NQXAUGLDAUD",
          "^NQDMXUS9000AUD",
          "^NQDMXUSSCGBPN",
          "^NQDMXUSXKRAUDN",
          "^NQUS500LCV"
        ],
        "esgPopulated": false,
        "tradeable": false,
        "firstTradeDateMilliseconds": 322151400000,
        "priceHint": 2,
        "totalCash": 4805000200,
        "floatShares": 796888570,
        "ebitda": 6412000256,
        "shortRatio": 1.14,
        "targetPriceHigh": 108,
        "targetPriceLow": 60,
        "targetPriceMean": 75.89,
        "targetPriceMedian": 74.5,
        "heldPercentInsiders": 0.118,
        "heldPercentInstitutions": 83.458,
        "postMarketChangePercent": 0.14972575,
        "postMarketTime": 1627084643,
        "postMarketPrice": 60.2,
        "postMarketChange": 0.09000015,
        "regularMarketChange": -0.0999985,
        "regularMarketChangePercent": -0.166083,
        "regularMarketTime": 1627070403,
        "regularMarketPrice": 60.11,
        "regularMarketDayHigh": 60.21,
        "regularMarketDayRange": "59.0337 - 60.21",
        "regularMarketDayLow": 59.0337,
        "regularMarketVolume": 7544171,
        "sharesShort": 8238760,
        "sharesShortPrevMonth": 12220823,
        "shortPercentFloat": 1.17,
        "regularMarketPreviousClose": 60.21,
        "bid": 59.9,
        "ask": 60.2,
        "bidSize": 8,
        "askSize": 14,
        "exchange": "NYQ",
        "market": "us_market",
        "messageBoardId": "finmb_291795",
        "fullExchangeName": "NYSE",
        "shortName": "Newmont Corporation",
        "longName": "Newmont Corporation",
        "regularMarketOpen": 59.5,
        "averageDailyVolume3Month": 6748084,
        "averageDailyVolume10Day": 6084742,
        "beta": 0.286724,
        "fiftyTwoWeekLowChange": 5.9300003,
        "fiftyTwoWeekLowChangePercent": 0.10944999,
        "fiftyTwoWeekRange": "54.18 - 75.31",
        "fiftyTwoWeekHighChange": -15.199997,
        "fiftyTwoWeekHighChangePercent": -0.2018324,
        "fiftyTwoWeekLow": 54.18,
        "fiftyTwoWeekHigh": 75.31,
        "dividendDate": 1632355200,
        "exDividendDate": 1631059200,
        "earningsTimestamp": 1626957000,
        "earningsTimestampStart": 1626957000,
        "earningsTimestampEnd": 1626957000,
        "trailingAnnualDividendRate": 2.05,
        "trailingPE": 16.813986,
        "pegRatio": 2.23,
        "dividendsPerShare": 1.75,
        "dividendRate": 2.2,
        "trailingAnnualDividendYield": 0.0340475,
        "dividendYield": 3.66,
        "revenue": 12487999500,
        "priceToSales": 3.8465302,
        "marketState": "CLOSED",
        "epsTrailingTwelveMonths": 3.575,
        "epsForward": 3.81,
        "epsCurrentYear": 3.5,
        "epsNextQuarter": 0.9,
        "priceEpsCurrentYear": 17.174286,
        "priceEpsNextQuarter": 66.788895,
        "sharesOutstanding": 799126016,
        "bookValue": 29.085,
        "fiftyDayAverage": 64.308235,
        "fiftyDayAverageChange": -4.1982346,
        "fiftyDayAverageChangePercent": -0.065283,
        "twoHundredDayAverage": 63.346596,
        "twoHundredDayAverageChange": -3.2365952,
        "twoHundredDayAverageChangePercent": -0.051093433,
        "marketCap": 48035467264,
        "gmtOffSetMilliseconds": -14400000,
        "currency": "USD",
        "forwardPE": 15.776903,
        "priceToBook": 2.0667012,
        "sourceInterval": 15,
        "exchangeDataDelayedBy": 0,
        "exchangeTimezoneName": "America/New_York",
        "exchangeTimezoneShortName": "EDT",
        "pageViews": {
          "midTermTrend": "UP",
          "longTermTrend": "UP",
          "shortTermTrend": "DOWN"
        },
        "symbol": "NEM"
      },
      {
        "language": "en-US",
        "region": "US",
        "quoteType": "EQUITY",
        "quoteSourceName": "Delayed Quote",
        "triggerable": true,
        "quoteSummary": {
          "earnings": {
            "maxAge": 86400,
            "earningsChart": {
              "quarterly": [
                {
                  "date": "1Q2017",
                  "actual": -0.06,
                  "estimate": -0.01
                },
                {
                  "date": "2Q2017",
                  "actual": -0.09,
                  "estimate": -0.02
                },
                {
                  "date": "3Q2017",
                  "actual": -0.1,
                  "estimate": 0.04
                },
                {
                  "date": "4Q2017",
                  "actual": 0.36,
                  "estimate": 0.28
                }
              ],
              "currentQuarterEstimate": -0.01,
              "currentQuarterEstimateDate": "1Q",
              "currentQuarterEstimateYear": 2018,
              "earningsDate": [
                1627430400
              ]
            },
            "financialsChart": {
              "yearly": [
                {
                  "date": 2017,
                  "revenue": 2156852000,
                  "earnings": -204942000
                },
                {
                  "date": 2018,
                  "revenue": 2091661000,
                  "earnings": 166323000
                },
                {
                  "date": 2019,
                  "revenue": 1862925000,
                  "earnings": 74000000
                },
                {
                  "date": 2020,
                  "revenue": 1800073000,
                  "earnings": -53169000
                }
              ],
              "quarterly": [
                {
                  "date": "2Q2020",
                  "revenue": 525294000,
                  "earnings": -53002000
                },
                {
                  "date": "3Q2020",
                  "revenue": 378870000,
                  "earnings": -60770000
                },
                {
                  "date": "4Q2020",
                  "revenue": 550356000,
                  "earnings": 79827000
                },
                {
                  "date": "1Q2021",
                  "revenue": 290016000,
                  "earnings": -4929000
                }
              ]
            },
            "financialCurrency": "CAD"
          }
        },
        "esgPopulated": false,
        "tradeable": false,
        "firstTradeDateMilliseconds": 826813800000,
        "priceHint": 2,
        "totalCash": 1043572990,
        "floatShares": 396744662,
        "ebitda": 300798016,
        "shortRatio": 2.22,
        "targetPriceHigh": 12.24,
        "targetPriceLow": 7,
        "targetPriceMean": 10.86,
        "targetPriceMedian": 11.58,
        "heldPercentInsiders": 0.161,
        "heldPercentInstitutions": 66.138,
        "postMarketChangePercent": -1.1124153,
        "postMarketTime": 1627081706,
        "postMarketPrice": 16.89,
        "postMarketChange": -0.19000053,
        "regularMarketChange": -0.19000053,
        "regularMarketChangePercent": -1.1001768,
        "regularMarketTime": 1627070402,
        "regularMarketPrice": 17.08,
        "regularMarketDayHigh": 17.45,
        "regularMarketDayRange": "17.035 - 17.45",
        "regularMarketDayLow": 17.035,
        "regularMarketVolume": 2229829,
        "sharesShort": 10530166,
        "sharesShortPrevMonth": 10631306,
        "regularMarketPreviousClose": 17.27,
        "bid": 16.79,
        "ask": 17.49,
        "bidSize": 30,
        "askSize": 8,
        "exchange": "NYQ",
        "market": "us_market",
        "messageBoardId": "finmb_379153",
        "fullExchangeName": "NYSE",
        "shortName": "Cameco Corporation",
        "longName": "Cameco Corporation",
        "regularMarketOpen": 17.34,
        "averageDailyVolume3Month": 4624615,
        "averageDailyVolume10Day": 4124914,
        "beta": 0.808678,
        "fiftyTwoWeekLowChange": 8.07,
        "fiftyTwoWeekLowChangePercent": 0.8956714,
        "fiftyTwoWeekRange": "9.01 - 21.95",
        "fiftyTwoWeekHighChange": -4.870001,
        "fiftyTwoWeekHighChangePercent": -0.22186792,
        "fiftyTwoWeekLow": 9.01,
        "fiftyTwoWeekHigh": 21.95,
        "dividendDate": 1607990400,
        "exDividendDate": 1606435200,
        "earningsTimestamp": 1627475400,
        "earningsTimestampStart": 1627475400,
        "earningsTimestampEnd": 1627475400,
        "trailingAnnualDividendRate": 0.08,
        "pegRatio": 6.42,
        "dividendsPerShare": 0.08,
        "dividendRate": 0.06,
        "trailingAnnualDividendYield": 0.00463231,
        "dividendYield": 0.36,
        "revenue": 1744536060,
        "priceToSales": 3.8965678,
        "marketState": "CLOSED",
        "epsTrailingTwelveMonths": -0.078,
        "epsForward": 0.44,
        "epsCurrentYear": 0.18,
        "epsNextQuarter": 0.01,
        "priceEpsCurrentYear": 94.888885,
        "priceEpsNextQuarter": 1708,
        "sharesOutstanding": 397643008,
        "bookValue": 12.511,
        "fiftyDayAverage": 19.019411,
        "fiftyDayAverageChange": -1.9394112,
        "fiftyDayAverageChangePercent": -0.1019701,
        "twoHundredDayAverage": 17.268986,
        "twoHundredDayAverageChange": -0.18898582,
        "twoHundredDayAverageChangePercent": -0.010943655,
        "marketCap": 6797703168,
        "gmtOffSetMilliseconds": -14400000,
        "currency": "USD",
        "forwardPE": 38.81818,
        "priceToBook": 1.3651986,
        "sourceInterval": 15,
        "exchangeDataDelayedBy": 0,
        "exchangeTimezoneName": "America/New_York",
        "exchangeTimezoneShortName": "EDT",
        "pageViews": {
          "midTermTrend": "UP",
          "longTermTrend": "UP",
          "shortTermTrend": "DOWN"
        },
        "symbol": "CCJ"
      },
      {
        "language": "en-US",
        "region": "US",
        "quoteType": "EQUITY",
        "quoteSourceName": "Delayed Quote",
        "triggerable": true,
        "quoteSummary": {
          "earnings": {
            "maxAge": 86400,
            "earningsChart": {
              "quarterly": [
                {
                  "date": "2Q2020",
                  "actual": 0.28,
                  "estimate": 0.06
                },
                {
                  "date": "3Q2020",
                  "actual": 0.34,
                  "estimate": 0.38
                },
                {
                  "date": "4Q2020",
                  "actual": 0.57,
                  "estimate": 0.44
                },
                {
                  "date": "1Q2021",
                  "actual": 0.18,
                  "estimate": 0.43
                }
              ],
              "currentQuarterEstimate": 0.32,
              "currentQuarterEstimateDate": "2Q",
              "currentQuarterEstimateYear": 2021,
              "earningsDate": [
                1628553600
              ]
            },
            "financialsChart": {
              "yearly": [
                {
                  "date": 2017,
                  "revenue": 816828000,
                  "earnings": 120991000
                },
                {
                  "date": 2018,
                  "revenue": 784495000,
                  "earnings": 10294000
                },
                {
                  "date": 2019,
                  "revenue": 1350759000,
                  "earnings": 110738000
                },
                {
                  "date": 2020,
                  "revenue": 1338812000,
                  "earnings": 177882000
                }
              ],
              "quarterly": [
                {
                  "date": "2Q2020",
                  "revenue": 249509000,
                  "earnings": 20063000
                },
                {
                  "date": "3Q2020",
                  "revenue": 300414000,
                  "earnings": 65741000
                },
                {
                  "date": "4Q2020",
                  "revenue": 430461000,
                  "earnings": 168885000
                },
                {
                  "date": "1Q2021",
                  "revenue": 368099000,
                  "earnings": -7798000
                }
              ]
            },
            "financialCurrency": "USD"
          }
        },
        "components": [
          "^NQDMXUSSC",
          "^NQDMXKRAUDN",
          "^NQGXUSSCGBPN",
          "^XCQ",
          "^NQDMXUSXKREUR",
          "^NQDMXKRSCEURN",
          "^NQDMXUS1000JPY",
          "^NQDMXUS1000GBP",
          "^NQDMXUSXKRSCJPY",
          "^NQDMXUSXKRSCGBPN",
          "^NQDMXUSXKRSCGBP",
          "^ZIRNTR",
          "^NQDMXUSXKREURN",
          "^NQDMXUSSCAUDN",
          "^NQDMXUSXKRCADN",
          "^NQXAUGLDN",
          "^NQDMXKRSCJPYN",
          "^NQDMXUS1000AUDN",
          "^NQDMXKRSCCADN",
          "^NQDMXUSXKRCAD",
          "^INDS",
          "^NQDMXKRJPY",
          "^NQDMXUSXKRJPYN",
          "^NQGS",
          "^NQDMXKRGBP",
          "^NQDMXUSSCN",
          "^NQDMXKRJPYN",
          "^NQDMXKRSCJPY",
          "^NQDMXUSXKRSC",
          "^NQDMXKRSCGBPN",
          "^NQGXUSSCAUDN",
          "^IXIC",
          "^NQDMXUSSCAUD",
          "^NQGXUSSCCAD",
          "^NQDMXKRCADN",
          "^NQGXUSSCEUR",
          "^NQXAUGLD",
          "^NQDMXUS1000GBPN",
          "^NQDMXKRSCGBP",
          "^NQDMXUSSCJPYN",
          "^NQDMXKRSC",
          "^QGLD",
          "^NQDMXUSXKRSCCAD",
          "^NQDMXUSSCEURN",
          "^NQDMXUSXKRN",
          "^XAU",
          "^NQDMXUSXKRSCEUR",
          "^NQDMXUS1000AUD",
          "^NQGXUSSCJPYN",
          "^NQDMXUSXKRJPY",
          "^ZIR",
          "^NQDMXUSXKRGBP",
          "^NQDMXKRSCCAD",
          "^NQDMXKRSCN",
          "^NQDMXUSSCCADN",
          "^NQDMXUSXKRSCJPYN",
          "^XAG",
          "^NQDMXUS1000",
          "^NQDMXUSXKRSCAUDN",
          "^NQDMXKREURN",
          "^NQDMXUSXKRSCAUD",
          "^NQDMXUS1000EUR",
          "^NQDMXUSSCCAD",
          "^NQDMXKRAUD",
          "^NQDMXUS1000CAD",
          "^NQDMXUSSCEUR",
          "^NQDMXKRN",
          "^NQDMXUSXKRGBPN",
          "^NQDMXKRSCAUD",
          "^NQDMXUS1000EURN",
          "^NQDMXUSXKR",
          "^NQDMXUSXKRSCN",
          "^NQDMXUSSCGBP",
          "^NQDMXUSXKRSCCADN",
          "^NQGXUSSCN",
          "^NQDMXUS1000CADN",
          "^NQDMXUSSCJPY",
          "^NQDMXKREUR",
          "^NQGXUSSCCADN",
          "^NQDMXUS1000JPYN",
          "^NQDMXKRCAD",
          "^NQDMXKRSCAUDN",
          "^NQDMXUSXKRAUD",
          "^NQDMXUS1000N",
          "^NQGXUSSCEURN",
          "^NQXAUGLDAUDN",
          "^NQDMXKRSCEUR",
          "^NQDMXKR",
          "^NQDMXKRGBPN",
          "^NQGXUSSC",
          "^NQXAUGLDAUD",
          "^NQDMXUSSCGBPN",
          "^NQDMXUSXKRAUDN",
          "^NQDMXUSXKRSCEURN"
        ],
        "esgPopulated": false,
        "tradeable": false,
        "firstTradeDateMilliseconds": 802963800000,
        "priceHint": 2,
        "totalCash": 206410000,
        "floatShares": 209637421,
        "ebitda": 560328000,
        "shortRatio": 1.41,
        "targetPriceHigh": 48,
        "targetPriceLow": 36,
        "targetPriceMean": 42.45,
        "targetPriceMedian": 43,
        "heldPercentInsiders": 0.112,
        "heldPercentInstitutions": 54.48,
        "postMarketChangePercent": 0,
        "postMarketTime": 1627076941,
        "postMarketPrice": 26.85,
        "postMarketChange": 0,
        "regularMarketChange": -0.074998856,
        "regularMarketChangePercent": -0.2785473,
        "regularMarketTime": 1627070402,
        "regularMarketPrice": 26.85,
        "regularMarketDayHigh": 27.055,
        "regularMarketDayRange": "26.55 - 27.055",
        "regularMarketDayLow": 26.55,
        "regularMarketVolume": 1254550,
        "sharesShort": 3627029,
        "sharesShortPrevMonth": 3560961,
        "regularMarketPreviousClose": 26.925,
        "bid": 26.86,
        "ask": 26.9,
        "bidSize": 12,
        "askSize": 8,
        "exchange": "NMS",
        "market": "us_market",
        "messageBoardId": "finmb_387933",
        "fullExchangeName": "NasdaqGS",
        "shortName": "Pan American Silver Corp.",
        "longName": "Pan American Silver Corp.",
        "regularMarketOpen": 26.9,
        "averageDailyVolume3Month": 2488030,
        "averageDailyVolume10Day": 2079942,
        "beta": 1.147271,
        "fiftyTwoWeekLowChange": 0.9899998,
        "fiftyTwoWeekLowChangePercent": 0.038283054,
        "fiftyTwoWeekRange": "25.86 - 40.11",
        "fiftyTwoWeekHighChange": -13.26,
        "fiftyTwoWeekHighChangePercent": -0.33059087,
        "fiftyTwoWeekLow": 25.86,
        "fiftyTwoWeekHigh": 40.11,
        "dividendDate": 1623024000,
        "exDividendDate": 1621814400,
        "earningsTimestamp": 1628625600,
        "earningsTimestampStart": 1628625600,
        "earningsTimestampEnd": 1628625600,
        "trailingAnnualDividendRate": 0.24,
        "trailingPE": 22.851065,
        "pegRatio": 1.27,
        "dividendsPerShare": 0.24,
        "dividendRate": 0.28,
        "trailingAnnualDividendYield": 0.008913649,
        "dividendYield": 1.04,
        "revenue": 1348482940,
        "priceToSales": 4.1910224,
        "marketState": "CLOSED",
        "epsTrailingTwelveMonths": 1.175,
        "epsForward": 2.31,
        "epsCurrentYear": 1.3,
        "epsNextQuarter": 0.36,
        "priceEpsCurrentYear": 20.653847,
        "priceEpsNextQuarter": 74.58333,
        "sharesOutstanding": 210280992,
        "bookValue": 12.269,
        "fiftyDayAverage": 28.814707,
        "fiftyDayAverageChange": -1.9647064,
        "fiftyDayAverageChangePercent": -0.06818415,
        "twoHundredDayAverage": 31.73884,
        "twoHundredDayAverageChange": -4.8888397,
        "twoHundredDayAverageChangePercent": -0.15403335,
        "marketCap": 5651522048,
        "gmtOffSetMilliseconds": -14400000,
        "currency": "USD",
        "forwardPE": 11.623377,
        "priceToBook": 2.1884425,
        "sourceInterval": 15,
        "exchangeDataDelayedBy": 0,
        "exchangeTimezoneName": "America/New_York",
        "exchangeTimezoneShortName": "EDT",
        "pageViews": {
          "midTermTrend": "UP",
          "longTermTrend": "UP",
          "shortTermTrend": "DOWN"
        },
        "symbol": "PAAS"
      },
      {
        "language": "en-US",
        "region": "US",
        "quoteType": "EQUITY",
        "quoteSourceName": "Delayed Quote",
        "triggerable": true,
        "quoteSummary": {
          "earnings": {
            "maxAge": 86400,
            "earningsChart": {
              "quarterly": [
                {
                  "date": "1Q2017",
                  "actual": 0.17,
                  "estimate": 0.12
                },
                {
                  "date": "2Q2017",
                  "actual": 0.11,
                  "estimate": 0.09
                },
                {
                  "date": "3Q2017",
                  "actual": 0.04,
                  "estimate": 0.04
                },
                {
                  "date": "4Q2017",
                  "actual": 0.02,
                  "estimate": 0.07
                }
              ],
              "currentQuarterEstimate": 0,
              "currentQuarterEstimateDate": "1Q",
              "currentQuarterEstimateYear": 2018,
              "earningsDate": [
                1628035200
              ]
            },
            "financialsChart": {
              "yearly": [
                {
                  "date": 2017,
                  "revenue": 448773000,
                  "earnings": 69316000
                },
                {
                  "date": 2018,
                  "revenue": 420675000,
                  "earnings": 6379000
                },
                {
                  "date": 2019,
                  "revenue": 606850000,
                  "earnings": 57315000
                },
                {
                  "date": 2020,
                  "revenue": 853089000,
                  "earnings": 133494000
                }
              ],
              "quarterly": [
                {
                  "date": "2Q2020",
                  "revenue": 92485000,
                  "earnings": -6276000
                },
                {
                  "date": "3Q2020",
                  "revenue": 225412000,
                  "earnings": 26754000
                },
                {
                  "date": "4Q2020",
                  "revenue": 370729000,
                  "earnings": 89040000
                },
                {
                  "date": "1Q2021",
                  "revenue": 366484000,
                  "earnings": 52980000
                }
              ]
            },
            "financialCurrency": "USD"
          }
        },
        "esgPopulated": false,
        "tradeable": false,
        "firstTradeDateMilliseconds": 838906200000,
        "priceHint": 2,
        "totalCash": 891971010,
        "floatShares": 219372476,
        "ebitda": 493200000,
        "shortRatio": 4.34,
        "targetPriceHigh": 13,
        "targetPriceLow": 9,
        "targetPriceMean": 11.75,
        "targetPriceMedian": 12.5,
        "heldPercentInsiders": 0.407,
        "heldPercentInstitutions": 62.587,
        "postMarketChangePercent": 1.1111116,
        "postMarketTime": 1627071066,
        "postMarketPrice": 15.47,
        "postMarketChange": 0.17000008,
        "regularMarketChange": -0.26000023,
        "regularMarketChangePercent": -1.6709526,
        "regularMarketTime": 1627070402,
        "regularMarketPrice": 15.3,
        "regularMarketDayHigh": 15.53,
        "regularMarketDayRange": "15.205 - 15.53",
        "regularMarketDayLow": 15.205,
        "regularMarketVolume": 1061547,
        "sharesShort": 6504069,
        "sharesShortPrevMonth": 13097970,
        "shortPercentFloat": 3.1,
        "regularMarketPreviousClose": 15.56,
        "bid": 15.15,
        "ask": 15.6,
        "bidSize": 9,
        "askSize": 32,
        "exchange": "NMS",
        "market": "us_market",
        "messageBoardId": "finmb_412632",
        "fullExchangeName": "NasdaqGS",
        "shortName": "SSR Mining Inc.",
        "longName": "SSR Mining Inc.",
        "regularMarketOpen": 15.54,
        "averageDailyVolume3Month": 1668323,
        "averageDailyVolume10Day": 1450271,
        "beta": 1.063773,
        "fiftyTwoWeekLowChange": 1.6199999,
        "fiftyTwoWeekLowChangePercent": 0.11842104,
        "fiftyTwoWeekRange": "13.68 - 25.32",
        "fiftyTwoWeekHighChange": -10.0199995,
        "fiftyTwoWeekHighChangePercent": -0.39573458,
        "fiftyTwoWeekLow": 13.68,
        "fiftyTwoWeekHigh": 25.32,
        "dividendDate": 1623628800,
        "exDividendDate": 1620950400,
        "earningsTimestamp": 1628080200,
        "earningsTimestampStart": 1628080200,
        "earningsTimestampEnd": 1628080200,
        "trailingAnnualDividendRate": 0.05,
        "trailingPE": 16.739607,
        "pegRatio": -1.1,
        "dividendsPerShare": 0.05,
        "dividendRate": 0.2,
        "trailingAnnualDividendYield": 0.0032133677,
        "dividendYield": 1.29,
        "revenue": 1055110020,
        "priceToSales": 3.193292,
        "marketState": "CLOSED",
        "epsTrailingTwelveMonths": 0.914,
        "epsForward": 0.46,
        "epsCurrentYear": 0.29,
        "epsNextQuarter": 0.05,
        "priceEpsCurrentYear": 52.75862,
        "priceEpsNextQuarter": 306,
        "sharesOutstanding": 220214000,
        "bookValue": 15.826,
        "fiftyDayAverage": 16.27647,
        "fiftyDayAverageChange": -0.97647,
        "fiftyDayAverageChangePercent": -0.059992738,
        "twoHundredDayAverage": 16.43326,
        "twoHundredDayAverageChange": -1.1332598,
        "twoHundredDayAverageChangePercent": -0.06896135,
        "marketCap": 3369274368,
        "gmtOffSetMilliseconds": -14400000,
        "currency": "USD",
        "forwardPE": 33.260868,
        "priceToBook": 0.96676356,
        "sourceInterval": 15,
        "exchangeDataDelayedBy": 0,
        "exchangeTimezoneName": "America/New_York",
        "exchangeTimezoneShortName": "EDT",
        "pageViews": {
          "midTermTrend": "UP",
          "longTermTrend": "UP",
          "shortTermTrend": "DOWN"
        },
        "symbol": "SSRM"
      },
      {
        "language": "en-US",
        "region": "US",
        "quoteType": "EQUITY",
        "quoteSourceName": "Delayed Quote",
        "triggerable": false,
        "quoteSummary": {
          "earnings": {
            "maxAge": 86400,
            "earningsChart": {
              "quarterly": [
                {
                  "date": "2Q2020",
                  "actual": 0.05,
                  "estimate": 0.04
                },
                {
                  "date": "3Q2020",
                  "actual": 0.04,
                  "estimate": 0.06
                },
                {
                  "date": "4Q2020",
                  "actual": 0.07,
                  "estimate": 0.06
                },
                {
                  "date": "1Q2021",
                  "actual": 0.03,
                  "estimate": 0.06
                }
              ],
              "currentQuarterEstimate": 0.05,
              "currentQuarterEstimateDate": "2Q",
              "currentQuarterEstimateYear": 2021,
              "earningsDate": [
                1628553600
              ]
            },
            "financialsChart": {
              "yearly": [
                {
                  "date": 2017,
                  "revenue": 155089000,
                  "earnings": 23852000
                },
                {
                  "date": 2018,
                  "revenue": 196056000,
                  "earnings": -7621000
                },
                {
                  "date": 2019,
                  "revenue": 268885000,
                  "earnings": -93092000
                },
                {
                  "date": 2020,
                  "revenue": 319692000,
                  "earnings": 14211000
                }
              ],
              "quarterly": [
                {
                  "date": "2Q2020",
                  "revenue": 57956000,
                  "earnings": -7702000
                },
                {
                  "date": "3Q2020",
                  "revenue": 94382000,
                  "earnings": 13435000
                },
                {
                  "date": "4Q2020",
                  "revenue": 100804000,
                  "earnings": 18007000
                },
                {
                  "date": "1Q2021",
                  "revenue": 105267000,
                  "earnings": 27007000
                }
              ]
            },
            "financialCurrency": "USD"
          }
        },
        "esgPopulated": false,
        "tradeable": false,
        "firstTradeDateMilliseconds": 1268659800000,
        "priceHint": 4,
        "totalCash": 234747008,
        "floatShares": 257854170,
        "ebitda": 158948000,
        "targetPriceHigh": 5.19,
        "targetPriceLow": 3.19,
        "targetPriceMean": 3.83,
        "targetPriceMedian": 3.59,
        "heldPercentInsiders": 1.062,
        "heldPercentInstitutions": 54.42,
        "regularMarketChange": -0.009000063,
        "regularMarketChangePercent": -0.35170233,
        "regularMarketTime": 1627070376,
        "regularMarketPrice": 2.55,
        "regularMarketDayHigh": 2.6,
        "regularMarketDayRange": "2.5005 - 2.6",
        "regularMarketDayLow": 2.5005,
        "regularMarketVolume": 76544,
        "regularMarketPreviousClose": 2.559,
        "bid": 0,
        "ask": 0,
        "bidSize": 0,
        "askSize": 0,
        "exchange": "PNK",
        "market": "us_market",
        "messageBoardId": "finmb_79692237",
        "fullExchangeName": "Other OTC",
        "shortName": "ARGONAUT GOLD INC",
        "longName": "Argonaut Gold Inc.",
        "regularMarketOpen": 2.6,
        "averageDailyVolume3Month": 140012,
        "averageDailyVolume10Day": 96228,
        "beta": 1.065088,
        "fiftyTwoWeekLowChange": 1.05,
        "fiftyTwoWeekLowChangePercent": 0.7,
        "fiftyTwoWeekRange": "1.5 - 2.91",
        "fiftyTwoWeekHighChange": -0.36000013,
        "fiftyTwoWeekHighChangePercent": -0.123711385,
        "fiftyTwoWeekLow": 1.5,
        "fiftyTwoWeekHigh": 2.91,
        "earningsTimestamp": 1628625600,
        "earningsTimestampStart": 1628625600,
        "earningsTimestampEnd": 1628625600,
        "trailingPE": 13.4920635,
        "dividendsPerShare": 0,
        "revenue": 358408992,
        "priceToSales": 2.2100844,
        "marketState": "CLOSED",
        "epsTrailingTwelveMonths": 0.189,
        "epsForward": 0.33,
        "epsCurrentYear": 0.22,
        "epsNextQuarter": 0.06,
        "priceEpsCurrentYear": 11.590909,
        "priceEpsNextQuarter": 42.5,
        "sharesOutstanding": 310062016,
        "bookValue": 2.678,
        "fiftyDayAverage": 2.5061765,
        "fiftyDayAverageChange": 0.04382348,
        "fiftyDayAverageChangePercent": 0.01748619,
        "twoHundredDayAverage": 2.1489856,
        "twoHundredDayAverageChange": 0.40101433,
        "twoHundredDayAverageChangePercent": 0.18660633,
        "marketCap": 792114112,
        "gmtOffSetMilliseconds": -14400000,
        "currency": "USD",
        "forwardPE": 7.7272725,
        "priceToBook": 0.95220315,
        "sourceInterval": 15,
        "exchangeDataDelayedBy": 0,
        "exchangeTimezoneName": "America/New_York",
        "exchangeTimezoneShortName": "EDT",
        "symbol": "ARNGF"
      },
      {
        "language": "en-US",
        "region": "US",
        "quoteType": "EQUITY",
        "quoteSourceName": "Nasdaq Real Time Price",
        "triggerable": true,
        "quoteSummary": {
          "earnings": {
            "maxAge": 86400,
            "earningsChart": {
              "quarterly": [
                {
                  "date": "4Q2016",
                  "actual": 0.06,
                  "estimate": 0.06
                },
                {
                  "date": "1Q2017",
                  "actual": 0.08,
                  "estimate": 0.05
                },
                {
                  "date": "2Q2017",
                  "actual": 0.06,
                  "estimate": 0.06
                },
                {
                  "date": "3Q2017",
                  "actual": 0.06,
                  "estimate": 0.07
                }
              ],
              "currentQuarterEstimate": 0.1,
              "currentQuarterEstimateDate": "4Q",
              "currentQuarterEstimateYear": 2017,
              "earningsDate": [
                1628640000,
                1629072000
              ]
            },
            "financialsChart": {
              "yearly": [
                {
                  "date": 2017,
                  "revenue": 268111000,
                  "earnings": 66305000
                },
                {
                  "date": 2018,
                  "revenue": 263296000,
                  "earnings": 33990000
                },
                {
                  "date": 2019,
                  "revenue": 257187000,
                  "earnings": 23796000
                },
                {
                  "date": 2020,
                  "revenue": 278966000,
                  "earnings": 21553000
                }
              ],
              "quarterly": [
                {
                  "date": "2Q2020",
                  "revenue": 44484000,
                  "earnings": -5655000
                },
                {
                  "date": "3Q2020",
                  "revenue": 83437000,
                  "earnings": 13089000
                },
                {
                  "date": "4Q2020",
                  "revenue": 103504000,
                  "earnings": 18617000
                },
                {
                  "date": "1Q2021",
                  "revenue": 117822000,
                  "earnings": 26402000
                }
              ]
            },
            "financialCurrency": "USD"
          }
        },
        "esgPopulated": false,
        "tradeable": false,
        "firstTradeDateMilliseconds": 1168266600000,
        "priceHint": 4,
        "totalCash": 146539008,
        "floatShares": 183461927,
        "ebitda": 158104992,
        "shortRatio": 7.16,
        "targetPriceHigh": 9,
        "targetPriceLow": 9,
        "targetPriceMean": 9,
        "targetPriceMedian": 9,
        "heldPercentInsiders": 0.616,
        "heldPercentInstitutions": 23.277,
        "postMarketChangePercent": 2.29885,
        "postMarketTime": 1627083536,
        "postMarketPrice": 4.45,
        "postMarketChange": 0.0999999,
        "regularMarketChange": -0.09000015,
        "regularMarketChangePercent": -2.0270305,
        "regularMarketTime": 1627070402,
        "regularMarketPrice": 4.35,
        "regularMarketDayHigh": 4.45,
        "regularMarketDayRange": "4.3 - 4.45",
        "regularMarketDayLow": 4.3,
        "regularMarketVolume": 3351088,
        "sharesShort": 22702579,
        "sharesShortPrevMonth": 14851507,
        "regularMarketPreviousClose": 4.44,
        "bid": 4.4,
        "ask": 4.46,
        "bidSize": 341,
        "askSize": 280,
        "exchange": "NYQ",
        "market": "us_market",
        "messageBoardId": "finmb_3474768",
        "fullExchangeName": "NYSE",
        "shortName": "Fortuna Silver Mines Inc",
        "longName": "Fortuna Silver Mines Inc.",
        "regularMarketOpen": 4.44,
        "averageDailyVolume3Month": 4510390,
        "averageDailyVolume10Day": 5868257,
        "beta": 1.138724,
        "fiftyTwoWeekLowChange": 0.059999943,
        "fiftyTwoWeekLowChangePercent": 0.013986001,
        "fiftyTwoWeekRange": "4.29 - 9.85",
        "fiftyTwoWeekHighChange": -5.5000005,
        "fiftyTwoWeekHighChangePercent": -0.55837566,
        "fiftyTwoWeekLow": 4.29,
        "fiftyTwoWeekHigh": 9.85,
        "earningsTimestamp": 1620676800,
        "earningsTimestampStart": 1628712000,
        "earningsTimestampEnd": 1629144000,
        "trailingPE": 15.535714,
        "dividendsPerShare": 0,
        "revenue": 349247008,
        "priceToSales": 3.639197,
        "marketState": "CLOSED",
        "epsTrailingTwelveMonths": 0.28,
        "epsForward": 0.33,
        "epsCurrentYear": 0.34,
        "epsNextQuarter": 0.09,
        "priceEpsCurrentYear": 12.794117,
        "priceEpsNextQuarter": 48.333332,
        "sharesOutstanding": 291423008,
        "bookValue": 4.067,
        "fiftyDayAverage": 5.574412,
        "fiftyDayAverageChange": -1.224412,
        "fiftyDayAverageChangePercent": -0.21964863,
        "twoHundredDayAverage": 6.78942,
        "twoHundredDayAverageChange": -2.4394202,
        "twoHundredDayAverageChangePercent": -0.35929728,
        "marketCap": 1270978688,
        "gmtOffSetMilliseconds": -14400000,
        "currency": "USD",
        "forwardPE": 13.181817,
        "priceToBook": 1.0695845,
        "sourceInterval": 15,
        "exchangeDataDelayedBy": 0,
        "exchangeTimezoneName": "America/New_York",
        "exchangeTimezoneShortName": "EDT",
        "pageViews": {
          "midTermTrend": "UP",
          "longTermTrend": "UP",
          "shortTermTrend": "DOWN"
        },
        "symbol": "FSM"
      },
  {
    "language": "en-US",
    "region": "US",
    "quoteType": "EQUITY",
    "quoteSourceName": "Delayed Quote",
    "triggerable": true,
    "quoteSummary": {
      "earnings": {
        "maxAge": 86400,
        "earningsChart": {
          "quarterly": [
            {
              "date": "1Q2017",
              "actual": 0.05,
              "estimate": 0.02
            },
            {
              "date": "2Q2017",
              "actual": 0,
              "estimate": 0.02
            },
            {
              "date": "3Q2017",
              "actual": 0.01,
              "estimate": 0.03
            },
            {
              "date": "4Q2017",
              "actual": 0.02,
              "estimate": 0.02
            }
          ],
          "currentQuarterEstimate": 0.04,
          "currentQuarterEstimateDate": "1Q",
          "currentQuarterEstimateYear": 2018,
          "earningsDate": [
            1628553600
          ]
        },
        "financialsChart": {
          "yearly": [
            {
              "date": 2017,
              "revenue": 150499000,
              "earnings": 9684000
            },
            {
              "date": 2018,
              "revenue": 150509000,
              "earnings": -12439000
            },
            {
              "date": 2019,
              "revenue": 117421000,
              "earnings": -48066000
            },
            {
              "date": 2020,
              "revenue": 138461000,
              "earnings": 1159000
            }
          ],
          "quarterly": [
            {
              "date": "2Q2020",
              "revenue": 20201000,
              "earnings": -3289000
            },
            {
              "date": "3Q2020",
              "revenue": 35586000,
              "earnings": 451000
            },
            {
              "date": "4Q2020",
              "revenue": 60747000,
              "earnings": 19923000
            },
            {
              "date": "1Q2021",
              "revenue": 34466000,
              "earnings": 12249000
            }
          ]
        },
        "financialCurrency": "USD"
      }
    },
    "components": [
      "^ZIR",
      "^ZIRNTR"
    ],
    "esgPopulated": false,
    "tradeable": false,
    "firstTradeDateMilliseconds": 1146058200000,
    "priceHint": 4,
    "totalCash": 89701000,
    "floatShares": 166698470,
    "ebitda": 40201000,
    "shortRatio": 1.65,
    "targetPriceHigh": 6,
    "targetPriceLow": 2.51,
    "targetPriceMean": 4.47,
    "targetPriceMedian": 4.68,
    "heldPercentInsiders": 0.668,
    "heldPercentInstitutions": 29.912,
    "postMarketChangePercent": 0.20534351,
    "postMarketTime": 1627078262,
    "postMarketPrice": 4.88,
    "postMarketChange": 0.010000229,
    "regularMarketChange": -0.09000015,
    "regularMarketChangePercent": -1.8145193,
    "regularMarketTime": 1627070402,
    "regularMarketPrice": 4.87,
    "regularMarketDayHigh": 4.97,
    "regularMarketDayRange": "4.78 - 4.97",
    "regularMarketDayLow": 4.78,
    "regularMarketVolume": 1955279,
    "sharesShort": 4484888,
    "sharesShortPrevMonth": 3442551,
    "regularMarketPreviousClose": 4.96,
    "bid": 4.84,
    "ask": 4.88,
    "bidSize": 31,
    "askSize": 18,
    "exchange": "NYQ",
    "market": "us_market",
    "messageBoardId": "finmb_3018255",
    "fullExchangeName": "NYSE",
    "shortName": "Endeavour Silver Corporation",
    "longName": "Endeavour Silver Corp.",
    "regularMarketOpen": 4.97,
    "averageDailyVolume3Month": 2989260,
    "averageDailyVolume10Day": 2927114,
    "beta": 1.38856,
    "fiftyTwoWeekLowChange": 1.8799999,
    "fiftyTwoWeekLowChangePercent": 0.6287625,
    "fiftyTwoWeekRange": "2.99 - 7.76",
    "fiftyTwoWeekHighChange": -2.8900003,
    "fiftyTwoWeekHighChangePercent": -0.37242272,
    "fiftyTwoWeekLow": 2.99,
    "fiftyTwoWeekHigh": 7.76,
    "earningsTimestamp": 1628598600,
    "earningsTimestampStart": 1628598600,
    "earningsTimestampEnd": 1628598600,
    "trailingPE": 27.206703,
    "dividendsPerShare": 0,
    "revenue": 151000000,
    "priceToSales": 5.4179554,
    "marketState": "CLOSED",
    "epsTrailingTwelveMonths": 0.179,
    "epsForward": 0.19,
    "epsCurrentYear": 0.19,
    "epsNextQuarter": 0.05,
    "priceEpsCurrentYear": 25.631578,
    "priceEpsNextQuarter": 97.399994,
    "sharesOutstanding": 167990000,
    "bookValue": 1.248,
    "fiftyDayAverage": 6.1088233,
    "fiftyDayAverageChange": -1.2388234,
    "fiftyDayAverageChangePercent": -0.20279248,
    "twoHundredDayAverage": 5.773478,
    "twoHundredDayAverageChange": -0.90347815,
    "twoHundredDayAverageChangePercent": -0.15648767,
    "marketCap": 818111296,
    "gmtOffSetMilliseconds": -14400000,
    "currency": "USD",
    "forwardPE": 25.631578,
    "priceToBook": 3.9022434,
    "sourceInterval": 15,
    "exchangeDataDelayedBy": 0,
    "exchangeTimezoneName": "America/New_York",
    "exchangeTimezoneShortName": "EDT",
    "pageViews": {
      "midTermTrend": "UP",
      "longTermTrend": "UP",
      "shortTermTrend": "DOWN"
    },
    "symbol": "EXK"
  },
  {
    "language": "en-US",
    "region": "US",
    "quoteType": "EQUITY",
    "quoteSourceName": "Nasdaq Real Time Price",
    "triggerable": true,
    "quoteSummary": {
      "earnings": {
        "maxAge": 86400,
        "earningsChart": {
          "quarterly": [
            {
              "date": "2Q2020",
              "actual": -0.08,
              "estimate": -0.01
            },
            {
              "date": "3Q2020",
              "actual": -0.09,
              "estimate": -0.01
            },
            {
              "date": "4Q2020",
              "actual": -0.1,
              "estimate": -0.02
            },
            {
              "date": "1Q2021",
              "actual": 0.02,
              "estimate": 0.01
            }
          ],
          "currentQuarterEstimate": 0.02,
          "currentQuarterEstimateDate": "2Q",
          "currentQuarterEstimateYear": 2021,
          "earningsDate": [
            1628553600,
            1629072000
          ]
        },
        "financialsChart": {
          "yearly": [
            {
              "date": 2017,
              "revenue": 10732000,
              "earnings": -7813000
            },
            {
              "date": 2018,
              "revenue": 19880000,
              "earnings": -8501000
            },
            {
              "date": 2019,
              "revenue": 2364000,
              "earnings": -8915000
            },
            {
              "date": 2020,
              "revenue": 2866000,
              "earnings": -31234000
            }
          ],
          "quarterly": [
            {
              "date": "2Q2020",
              "revenue": 871000,
              "earnings": -12229000
            },
            {
              "date": "3Q2020",
              "revenue": 795000,
              "earnings": -15241000
            },
            {
              "date": "4Q2020",
              "revenue": 633000,
              "earnings": -15817000
            },
            {
              "date": "1Q2021",
              "revenue": 3813000,
              "earnings": 4159000
            }
          ]
        },
        "financialCurrency": "CAD"
      }
    },
    "components": [
      "^ZIR",
      "^ZIRNTR"
    ],
    "esgPopulated": false,
    "tradeable": false,
    "firstTradeDateMilliseconds": 1157722200000,
    "priceHint": 4,
    "totalCash": 24717000,
    "floatShares": 136730597,
    "ebitda": -22192000,
    "shortRatio": 3.44,
    "targetPriceHigh": 4.26,
    "targetPriceLow": 2.61,
    "targetPriceMean": 3.45,
    "targetPriceMedian": 3.33,
    "heldPercentInsiders": 3.384,
    "heldPercentInstitutions": 25.115,
    "postMarketChangePercent": -0.00482596,
    "postMarketTime": 1627077389,
    "postMarketPrice": 2.0699,
    "postMarketChange": -0.0000998974,
    "regularMarketChange": -0.029999971,
    "regularMarketChangePercent": -1.4285702,
    "regularMarketTime": 1627070400,
    "regularMarketPrice": 2.07,
    "regularMarketDayHigh": 2.11,
    "regularMarketDayRange": "2.03 - 2.11",
    "regularMarketDayLow": 2.03,
    "regularMarketVolume": 364478,
    "sharesShort": 4374144,
    "sharesShortPrevMonth": 4502184,
    "shortPercentFloat": 3,
    "regularMarketPreviousClose": 2.1,
    "bid": 2.04,
    "ask": 2.29,
    "bidSize": 32,
    "askSize": 14,
    "exchange": "ASE",
    "market": "us_market",
    "messageBoardId": "finmb_24424638",
    "fullExchangeName": "NYSE American",
    "shortName": "Alexco Resource Corp",
    "longName": "Alexco Resource Corp.",
    "regularMarketOpen": 2.08,
    "averageDailyVolume3Month": 977784,
    "averageDailyVolume10Day": 624257,
    "beta": 0.961209,
    "fiftyTwoWeekLowChange": 0.07999992,
    "fiftyTwoWeekLowChangePercent": 0.040200967,
    "fiftyTwoWeekRange": "1.99 - 3.5",
    "fiftyTwoWeekHighChange": -1.4300001,
    "fiftyTwoWeekHighChangePercent": -0.40857145,
    "fiftyTwoWeekLow": 1.99,
    "fiftyTwoWeekHigh": 3.5,
    "earningsTimestamp": 1620838802,
    "earningsTimestampStart": 1628625600,
    "earningsTimestampEnd": 1629144000,
    "dividendsPerShare": 0,
    "revenue": 6112000,
    "priceToSales": 51.03268,
    "marketState": "CLOSED",
    "epsTrailingTwelveMonths": -0.231,
    "epsForward": 0.32,
    "epsCurrentYear": 0.08,
    "epsNextQuarter": 0.02,
    "priceEpsCurrentYear": 25.875,
    "priceEpsNextQuarter": 103.5,
    "sharesOutstanding": 150682000,
    "bookValue": 1.125,
    "fiftyDayAverage": 2.4914706,
    "fiftyDayAverageChange": -0.42147064,
    "fiftyDayAverageChangePercent": -0.16916542,
    "twoHundredDayAverage": 2.710942,
    "twoHundredDayAverageChange": -0.6409421,
    "twoHundredDayAverageChangePercent": -0.23642781,
    "marketCap": 311911744,
    "gmtOffSetMilliseconds": -14400000,
    "currency": "USD",
    "forwardPE": 6.46875,
    "priceToBook": 1.8399999,
    "sourceInterval": 15,
    "exchangeDataDelayedBy": 0,
    "exchangeTimezoneName": "America/New_York",
    "exchangeTimezoneShortName": "EDT",
    "pageViews": {
      "midTermTrend": "UP",
      "longTermTrend": "UP",
      "shortTermTrend": "DOWN"
    },
    "symbol": "AXU"
  }
],
  "error": null
}
}
